<collection xmlns="http://www.loc.gov/MARC21/slim"><record><leader>00782nam  2200229   450</leader><controlfield tag="001">51</controlfield><controlfield tag="003">http://montalegre.opacnet.com/OPAC/default.aspx?ContentAreaControl=ShowRegHoldings.ascx&amp;RegNo=16662</controlfield><datafield tag="095" ind1=" " ind2=" "><subfield code="a">PTBN00305876</subfield></datafield><datafield tag="100" ind1=" " ind2=" "><subfield code="a">19970108d1974    m  y0pory010305  ba</subfield></datafield><datafield tag="101" ind1="1" ind2=" "><subfield code="a">por</subfield><subfield code="c">eng</subfield></datafield><datafield tag="102" ind1=" " ind2=" "><subfield code="a">PT</subfield></datafield><datafield tag="200" ind1="1" ind2=" "><subfield code="a">&lt;A &gt;história de Fernão Capelo Gaivota</subfield><subfield code="f">Richard Bach</subfield><subfield code="g">trad. de António Ramos Rosa, Madalena Rosález</subfield></datafield><datafield tag="205" ind1=" " ind2=" "><subfield code="a">3ª ed</subfield></datafield><datafield tag="210" ind1=" " ind2=" "><subfield code="a">Lisboa</subfield><subfield code="c">Moraes</subfield><subfield code="d">1974</subfield></datafield><datafield tag="215" ind1=" " ind2=" "><subfield code="a">89, [6] p.</subfield><subfield code="c">il.</subfield><subfield code="d">20 cm</subfield></datafield><datafield tag="304" ind1=" " ind2=" "><subfield code="a">Tít. orig.: Jonatham Livingston Seagull</subfield></datafield><datafield tag="675" ind1=" " ind2=" "><subfield code="a">821</subfield><subfield code="v">BN</subfield><subfield code="z">por</subfield></datafield><datafield tag="700" ind1=" " ind2="1"><subfield code="a">Bach</subfield><subfield code="b">Richard</subfield></datafield><datafield tag="702" ind1=" " ind2="1"><subfield code="a">Rosa</subfield><subfield code="b">António Ramos</subfield><subfield code="f">1924</subfield><subfield code="4">730</subfield></datafield><datafield tag="702" ind1=" " ind2="1"><subfield code="a">Rosález</subfield><subfield code="b">Madalena</subfield><subfield code="4">730</subfield></datafield><datafield tag="801" ind1=" " ind2="0"><subfield code="a">PT</subfield><subfield code="b">Biblioteca Municipal de Montalegre</subfield><subfield code="g">RPC</subfield></datafield><datafield tag="856" ind1=" " ind2=" "><subfield code="u">locateMedia.asp?cod=20060504162919&amp;ext=jpg</subfield><subfield code="z">CAPA</subfield></datafield><datafield tag="909" ind1="&#9;" ind2=" "><subfield code="a">1</subfield></datafield><datafield tag="966" ind1=" " ind2=" "><subfield code="a">0012608</subfield><subfield code="l">BMM</subfield><subfield code="s">SCG 821 BAC fer</subfield></datafield></record></collection>